
@misc{Authors1,
 author = {António Guterres},
 title = {UNITED NATIONS STRATEGY AND PLAN OF ACTION ON HATE SPEECH},
 year = 2019
}

 @article{Authors2,
  title={The Hateful Memes Challenge: Detecting Hate Speech in Multimodal Memes},
  author={Kiela, Douwe and Firooz, Hamed and Mohan, Aravind and Goswami, Vedanuj and Singh, Amanpreet and Ringshia, Pratik and  Testuggine, Davide},
  journal={CoRR arXiv:2005.04790v2},
  year=2020
}

@article{Authors3,
  author    = {Riza Velioglu and
               Jewgeni Rose},
  title     = {Detecting Hate Speech in Memes Using Multimodal Deep Learning Approaches:
               Prize-winning solution to Hateful Memes Challenge},
  journal   = {CoRR},
  volume    = {abs/2012.12975},
  year      = {2020},
  url       = {https://arxiv.org/abs/2012.12975},
  archivePrefix = {arXiv},
  eprint    = {2012.12975},
  timestamp = {Tue, 05 Jan 2021 16:02:31 +0100},
  biburl    = {https://dblp.org/rec/journals/corr/abs-2012-12975.bib},
  bibsource = {dblp computer science bibliography, https://dblp.org}
}

@article{Authors4,
author = {Yinhan Liu, Myle Ott, Naman Goyal,Jingfei Du, Mandar Joshi,Danqi Chen, Omer Levy, Mike Lewis, Luke Zettlemoyer, Veselin Stoyanov},
title = {RoBERTa: A Robustly Optimized BERT Pretraining Approach},
journal = {CoRR arXiv:1907.11692v1},
year = {2019}
}

@article{Authors5,
author = {Liunian Harold, Mark Yatskar, Da Yin, Cho-Jui Hsieh, Kai-Wei Chang},
title = {VISUALBERT: A SIMPLE AND PERFORMANT BASELINE FOR VISION AND LANGUAGE},
journal = {CoRR arXiv:1908.03557v1},
year = 2019
}

@article{Authors6,
author = {Piyush Sharma, Nan Ding, Sebastian Goodman, and Radu Soricut},
title = {Conceptual captions: A cleaned, hypernymed, image alt-text dataset for automatic image captioning},
journal = {Proceedings of the 56th Annual Meeting of the Association for Computational Linguistics (Volume 1: Long Papers), pages 2556–2565},
year = 2019
}